@inbook{Shannon:1988,
  author    = {Shannon, Claude E.},
  editor    = {Levy, David},
  title     = {Programming a Computer for Playing Chess},
  booktitle = {Computer Chess Compendium},
  year      = {1988},
  publisher = {Springer New York},
  address   = {New York, NY},
  pages     = {2--13},
  isbn      = {978-1-4757-1968-0},
  doi       = {10.1007/978-1-4757-1968-0_1},
  url       = {https://doi.org/10.1007/978-1-4757-1968-0_1}
}

@book{Bishop:2006,
  author    = {Bishop, Christopher},
  title     = {Pattern Recognition and Machine Learning},
  year      = {2006},
  publisher = {Springer},
  url       = {https://www.microsoft.com/en-us/research/publication/pattern-recognition-machine-learning/}
}

@book{Aaronson:2013,
  publisher = {Cambridge University Press},
  isbn      = {0511979304},
  year      = {2013},
  title     = {Quantum computing since Democritus},
  language  = {eng},
  address   = {Cambridge},
  author    = {Aaronson, Scott},
  keywords  = {Quantum theory -- Mathematics ; Quantum computers},
  url       = {10.1017/CBO9780511979309}
}

@book{Alpaydin:2014,
  series    = {Adaptive computation and machine learning series},
  publisher = {MIT Press},
  isbn      = {0262325748},
  year      = {2014},
  title     = {Introduction to machine learning},
  edition   = {Third edition},
  language  = {eng},
  address   = {Cambridge, Massachusetts},
  author    = {Alpaydin, Ethem},
  keywords  = {Machine learning},
  url       = {https://ieeexplore.ieee.org/servlet/opac?bknumber=6895440}
}

@book{Shalev-Shwart:2014,
  publisher = {Cambridge University Press},
  booktitle = {Understanding machine learning : from theory to algorithms},
  isbn      = {1107298016},
  year      = {2014},
  title     = {Understanding machine learning  : from theory to algorithms},
  language  = {eng},
  address   = {Cambridge},
  author    = {Shalev-Shwartz, Shai and Ben-David, Shai},
  keywords  = {Maschinelles Lernen},
  url       = {10.1017/CBO9781107298019}
}

@article{Hughes:2015,
  author     = {David P. Hughes and
                Marcel Salath{\'{e}}},
  title      = {An open access repository of images on plant health to enable the
                development of mobile disease diagnostics through machine learning
                and crowdsourcing},
  journal    = {CoRR},
  volume     = {abs/1511.08060},
  year       = {2015},
  url        = {http://arxiv.org/abs/1511.08060},
  eprinttype = {arXiv},
  eprint     = {1511.08060},
  timestamp  = {Mon, 13 Aug 2018 16:48:21 +0200},
  biburl     = {https://dblp.org/rec/journals/corr/HughesS15.bib},
  bibsource  = {dblp computer science bibliography, https://dblp.org}
}

@inproceedings{Szegedy:2015:1,
  author    = {Szegedy, Christian and Wei Liu and Yangqing Jia and Sermanet, Pierre and Reed, Scott and Anguelov, Dragomir and Erhan, Dumitru and Vanhoucke, Vincent and Rabinovich, Andrew},
  booktitle = {2015 IEEE Conference on Computer Vision and Pattern Recognition (CVPR)},
  title     = {Going deeper with convolutions},
  year      = {2015},
  volume    = {},
  number    = {},
  pages     = {1-9},
  keywords  = {Computer architecture;Convolutional codes;Sparse matrices;Neural networks;Visualization;Object detection;Computer vision},
  doi       = {10.1109/CVPR.2015.7298594}
}

@misc{Szegedy:2015:2,
  title         = {Batch Normalization: Accelerating Deep Network Training by Reducing Internal Covariate Shift},
  author        = {Sergey Ioffe and Christian Szegedy},
  year          = {2015},
  eprint        = {1502.03167},
  archiveprefix = {arXiv},
  primaryclass  = {cs.LG},
  url           = {https://arxiv.org/abs/1502.03167}
}

% VGGNet
@misc{Simonyan:2015,
  title         = {Very Deep Convolutional Networks for Large-Scale Image Recognition},
  author        = {Karen Simonyan and Andrew Zisserman},
  year          = {2015},
  eprint        = {1409.1556},
  archiveprefix = {arXiv},
  primaryclass  = {cs.CV},
  url           = {https://arxiv.org/abs/1409.1556}
}

@book{Goodfellow:2016,
  title     = {Deep Learning},
  author    = {Ian Goodfellow and Yoshua Bengio and Aaron Courville},
  publisher = {MIT Press},
  note      = {\url{http://www.deeplearningbook.org}},
  year      = {2016}
}

@article{Mohanty:2016,
  author  = {Mohanty, Sharada P.  and Hughes, David P.  and Salathé, Marcel },
  title   = {Using Deep Learning for Image-Based Plant Disease Detection},
  journal = {Frontiers in Plant Science},
  volume  = {7},
  year    = {2016},
  url     = {https://www.frontiersin.org/journals/plant-science/articles/10.3389/fpls.2016.01419},
  doi     = {10.3389/fpls.2016.01419},
  issn    = {1664-462X}
}

@article{Sladojevic:2016,
  author  = {Sladojevic, Srdjan and Arsenovic, Marko and Anderla, Andras and Culibrk, Dubravko and Stefanovic, Darko},
  title   = {Deep Neural Networks Based Recognition of Plant Diseases by Leaf Image Classification},
  journal = {Computational Intelligence and Neuroscience},
  volume  = {2016},
  number  = {1},
  pages   = {3289801},
  doi     = {https://doi.org/10.1155/2016/3289801},
  url     = {https://onlinelibrary.wiley.com/doi/abs/10.1155/2016/3289801},
  eprint  = {https://onlinelibrary.wiley.com/doi/pdf/10.1155/2016/3289801},
  year    = {2016}
}

@article{Johannes:2017,
  title   = {Automatic plant disease diagnosis using mobile capture devices, applied on a wheat use case},
  journal = {Computers and Electronics in Agriculture},
  volume  = {138},
  pages   = {200-209},
  year    = {2017},
  issn    = {0168-1699},
  doi     = {https://doi.org/10.1016/j.compag.2017.04.013},
  url     = {https://www.sciencedirect.com/science/article/pii/S016816991631050X},
  author  = {Alexander Johannes and Artzai Picon and Aitor Alvarez-Gila and Jone Echazarra and Sergio Rodriguez-Vaamonde and Ana Díez Navajas and Amaia Ortiz-Barredo}
}

@book{Mohri:2018,
  series    = {Adaptive computation and machine learning},
  publisher = {The MIT Press},
  isbn      = {0262039400},
  year      = {2018},
  title     = {Foundations of machine learning},
  edition   = {Second edition},
  language  = {eng},
  address   = {Cambridge, MA},
  author    = {Mohri, Mehryar and Rostamizadeh, Afshin and Talwalkar, Ameet},
  keywords  = {Maschinelles Lernen ; Algorithmus},
  lccn      = {2018022812}
}

@article{Ferentinos:2018,
  title    = {Deep learning models for plant disease detection and diagnosis},
  journal  = {Computers and Electronics in Agriculture},
  volume   = {145},
  pages    = {311-318},
  year     = {2018},
  issn     = {0168-1699},
  doi      = {https://doi.org/10.1016/j.compag.2018.01.009},
  url      = {https://www.sciencedirect.com/science/article/pii/S0168169917311742},
  author   = {Konstantinos P. Ferentinos},
  keywords = {Convolutional neural networks, Machine learning, Artificial intelligence, Plant disease identification, Pattern recognition}
}

@article{Barbedo:2018:1,
  title    = {Impact of dataset size and variety on the effectiveness of deep learning and transfer learning for plant disease classification},
  journal  = {Computers and Electronics in Agriculture},
  volume   = {153},
  pages    = {46-53},
  year     = {2018},
  issn     = {0168-1699},
  doi      = {https://doi.org/10.1016/j.compag.2018.08.013},
  url      = {https://www.sciencedirect.com/science/article/pii/S0168169918304617},
  author   = {Jayme Garcia Arnal Barbedo},
  keywords = {Image processing, Deep neural nets, Image database, Disease classification}
}

@article{Barbedo:2018:2,
  title    = {Factors influencing the use of deep learning for plant disease recognition},
  journal  = {Biosystems Engineering},
  volume   = {172},
  pages    = {84-91},
  year     = {2018},
  issn     = {1537-5110},
  doi      = {https://doi.org/10.1016/j.biosystemseng.2018.05.013},
  url      = {https://www.sciencedirect.com/science/article/pii/S1537511018303027},
  author   = {Jayme Garcia Arnal Barbedo},
  keywords = {Image processing, Deep neural nets, Transfer learning, Image database, Disease classification}
}

@article{Gu:2018,
  title    = {Recent advances in convolutional neural networks},
  journal  = {Pattern Recognition},
  volume   = {77},
  pages    = {354-377},
  year     = {2018},
  issn     = {0031-3203},
  doi      = {https://doi.org/10.1016/j.patcog.2017.10.013},
  url      = {https://www.sciencedirect.com/science/article/pii/S0031320317304120},
  author   = {Jiuxiang Gu and Zhenhua Wang and Jason Kuen and Lianyang Ma and Amir Shahroudy and Bing Shuai and Ting Liu and Xingxing Wang and Gang Wang and Jianfei Cai and Tsuhan Chen},
  keywords = {Convolutional neural network, Deep learning}
}

@article{Barbedo:2019,
  title    = {Plant disease identification from individual lesions and spots using deep learning},
  journal  = {Biosystems Engineering},
  volume   = {180},
  pages    = {96-107},
  year     = {2019},
  issn     = {1537-5110},
  doi      = {https://doi.org/10.1016/j.biosystemseng.2019.02.002},
  url      = {https://www.sciencedirect.com/science/article/pii/S1537511018307797},
  author   = {Jayme Garcia Arnal Barbedo},
  keywords = {Image processing, Image classification, Deep neural nets, Transfer learning, Disease classification}
}

@article{Picon:2019,
  title    = {Deep convolutional neural networks for mobile capture device-based crop disease classification in the wild},
  journal  = {Computers and Electronics in Agriculture},
  volume   = {161},
  pages    = {280-290},
  year     = {2019},
  note     = {BigData and DSS in Agriculture},
  issn     = {0168-1699},
  doi      = {https://doi.org/10.1016/j.compag.2018.04.002},
  url      = {https://www.sciencedirect.com/science/article/pii/S0168169917312619},
  author   = {Artzai Picon and Aitor Alvarez-Gila and Maximiliam Seitz and Amaia Ortiz-Barredo and Jone Echazarra and Alexander Johannes},
  keywords = {Convolutional neural network, Deep learning, Image processing, Plant disease, Early pest, Disease identification, Precision agriculture, Phytopathology}
}

@article{Too:2019,
  title    = {A comparative study of fine-tuning deep learning models for plant disease identification},
  journal  = {Computers and Electronics in Agriculture},
  volume   = {161},
  pages    = {272-279},
  year     = {2019},
  note     = {BigData and DSS in Agriculture},
  issn     = {0168-1699},
  doi      = {https://doi.org/10.1016/j.compag.2018.03.032},
  url      = {https://www.sciencedirect.com/science/article/pii/S0168169917313303},
  author   = {Edna Chebet Too and Li Yujian and Sam Njuki and Liu Yingchun},
  keywords = {Plant disease identification, Deep learning, Convolutional neural networks, Image recognition, Fine-tuning}
}

@article{Chen:2020,
  title    = {Using deep transfer learning for image-based plant disease identification},
  journal  = {Computers and Electronics in Agriculture},
  volume   = {173},
  pages    = {105393},
  year     = {2020},
  issn     = {0168-1699},
  doi      = {https://doi.org/10.1016/j.compag.2020.105393},
  url      = {https://www.sciencedirect.com/science/article/pii/S0168169919322422},
  author   = {Junde Chen and Jinxiu Chen and Defu Zhang and Yuandong Sun and Y.A. Nanehkaran},
  keywords = {Plant disease identification, Deep learning, Convolution neural networks, Transfer learning, Image classification}
}

% activation functions
@article{Dubey:2022,
  title    = {Activation functions in deep learning: A comprehensive survey and benchmark},
  journal  = {Neurocomputing},
  volume   = {503},
  pages    = {92-108},
  year     = {2022},
  issn     = {0925-2312},
  doi      = {https://doi.org/10.1016/j.neucom.2022.06.111},
  url      = {https://www.sciencedirect.com/science/article/pii/S0925231222008426},
  author   = {Shiv Ram Dubey and Satish Kumar Singh and Bidyut Baran Chaudhuri},
  keywords = {Activation Functions, Neural networks, Convolutional neural networks, Deep learning, Overview, Recurrent Neural Networks}
}

@book{Murphy:2022,
  series    = {Adaptive computation and machine learning},
  publisher = {The MIT Press},
  booktitle = {Probabilistic machine learning : an introduction},
  isbn      = {0262046822},
  year      = {2022},
  title     = {Probabilistic machine learning  : an introduction},
  language  = {eng},
  address   = {Cambridge, Massachusetts},
  author    = {Murphy, Kevin P},
  keywords  = {Maschinelles Lernen ; Wahrscheinlichkeitstheorie},
  lccn      = {2021027430}
}

@misc{Aaronson_Oracle:2024,
  author = {Nick Merrill},
  title  = {Aaronson Oracle},
  year   = {2024},
  url    = {https://people.ischool.berkeley.edu/~nick/aaronson-oracle/index.html},
  note   = {Screenshot. Permission to reproduce granted by Nick Merrill from Daylight Lab on 26.09.2024.}
}
